@ARTICLE{Cottaar-2012,
       author = {{Cottaar}, M. and {Meyer}, M.~R. and {Andersen}, M. and {Espinoza}, P.},
        title = "{Is the massive young cluster Westerlund I bound?}",
      journal = {\aap},
     keywords = {open clusters and associations: individual: Westerlund I, stars: kinematics and dynamics, supergiants, Astrophysics - Solar and Stellar Astrophysics},
         year = 2012,
        month = mar,
       volume = {539},
          eid = {A5},
        pages = {A5},
          doi = {10.1051/0004-6361/201117722},
archivePrefix = {arXiv},
       eprint = {1112.4328},
 primaryClass = {astro-ph.SR},
       adsurl = {https://ui.adsabs.harvard.edu/abs/2012A&A...539A...5C},
      adsnote = {Provided by the SAO/NASA Astrophysics Data System}
}


@ARTICLE{Kudryavtseva:2012,
       author = {{Kudryavtseva}, Natalia and {Brandner}, Wolfgang and {Gennaro}, Mario and
         {Rochau}, Boyke and {Stolte}, Andrea and {Andersen}, Morten and
         {Da Rio}, Nicola and {Henning}, Thomas and {Tognelli}, Emanuele and
         {Hogg}, David and {Clark}, Simon and {Waters}, Rens},
        title = "{Instantaneous Starburst of the Massive Clusters Westerlund 1 and NGC 3603 YC}",
      journal = {\apjl},
     keywords = {Hertzsprung-Russell and C-M diagrams, open clusters and associations: individual: Westerlund 1 NGC 3603 YC, stars: evolution, stars: formation, Astrophysics - Astrophysics of Galaxies},
         year = 2012,
        month = may,
       volume = {750},
       number = {2},
          eid = {L44},
        pages = {L44},
          doi = {10.1088/2041-8205/750/2/L44},
archivePrefix = {arXiv},
       eprint = {1204.5481},
 primaryClass = {astro-ph.GA},
       adsurl = {https://ui.adsabs.harvard.edu/abs/2012ApJ...750L..44K},
      adsnote = {Provided by the SAO/NASA Astrophysics Data System}
}


@ARTICLE{Beasor:2019,
       author = {{Beasor}, Emma R. and {Davies}, Ben and {Smith}, Nathan and
         {Bastian}, Nate},
        title = "{Discrepancies in the ages of young star clusters; evidence for mergers?}",
      journal = {\mnras},
     keywords = {blue stragglers, stars: evolution, stars: massive, Astrophysics - Solar and Stellar Astrophysics, Astrophysics - Astrophysics of Galaxies},
         year = 2019,
        month = jun,
       volume = {486},
       number = {1},
        pages = {266-273},
          doi = {10.1093/mnras/stz732},
archivePrefix = {arXiv},
       eprint = {1903.05106},
 primaryClass = {astro-ph.SR},
       adsurl = {https://ui.adsabs.harvard.edu/abs/2019MNRAS.486..266B},
      adsnote = {Provided by the SAO/NASA Astrophysics Data System}
}


@ARTICLE{Eldridge:2017,
       author = {{Eldridge}, J.~J. and {Stanway}, E.~R. and {Xiao}, L. and {McClelland
        }, L.~A.~S. and {Taylor}, G. and {Ng}, M. and {Greis}, S.~M.~L. and
         {Bray}, J.~C.},
        title = "{Binary Population and Spectral Synthesis Version 2.1: Construction, Observational Verification, and New Results}",
      journal = {\pasa},
     keywords = {binaries: general, galaxies: evolution, galaxies: stellar content, methods: numerical, stars: evolution, stars: statistics, Astrophysics - Solar and Stellar Astrophysics, Astrophysics - Astrophysics of Galaxies},
         year = 2017,
        month = nov,
       volume = {34},
          eid = {e058},
        pages = {e058},
          doi = {10.1017/pasa.2017.51},
archivePrefix = {arXiv},
       eprint = {1710.02154},
 primaryClass = {astro-ph.SR},
       adsurl = {https://ui.adsabs.harvard.edu/abs/2017PASA...34...58E},
      adsnote = {Provided by the SAO/NASA Astrophysics Data System}
}


@ARTICLE{Negueruela:2010,
       author = {{Negueruela}, I. and {Clark}, J.~S. and {Ritchie}, B.~W.},
        title = "{The population of OB supergiants in the starburst cluster Westerlund 1}",
      journal = {\aap},
     keywords = {stars: early-type, stars: evolution, open clusters and associations: individual: Westerlund 1, Astrophysics - Astrophysics of Galaxies, Astrophysics - Solar and Stellar Astrophysics},
         year = 2010,
        month = jun,
       volume = {516},
          eid = {A78},
        pages = {A78},
          doi = {10.1051/0004-6361/201014032},
archivePrefix = {arXiv},
       eprint = {1003.5204},
 primaryClass = {astro-ph.GA},
       adsurl = {https://ui.adsabs.harvard.edu/abs/2010A&A...516A..78N},
      adsnote = {Provided by the SAO/NASA Astrophysics Data System}
}



@ARTICLE{Clark:2005,
       author = {{Clark}, J.~S. and {Negueruela}, I. and {Crowther}, P.~A. and
         {Goodwin}, S.~P.},
        title = "{On the massive stellar population of the super star cluster <ASTROBJ>Westerlund 1</ASTROBJ>}",
      journal = {\aap},
     keywords = {stars: evolution, open clusters and associations: individual: Westerlund 1, galaxies: starburst, Astrophysics},
         year = 2005,
        month = may,
       volume = {434},
       number = {3},
        pages = {949-969},
          doi = {10.1051/0004-6361:20042413},
archivePrefix = {arXiv},
       eprint = {astro-ph/0504342},
 primaryClass = {astro-ph},
       adsurl = {https://ui.adsabs.harvard.edu/abs/2005A&A...434..949C},
      adsnote = {Provided by the SAO/NASA Astrophysics Data System}
}



@ARTICLE{Aghakhanloo:2020,
       author = {{Aghakhanloo}, Mojgan and {Murphy}, Jeremiah W. and {Smith}, Nathan and
         {Parejko}, John and {D{\'\i}az-Rodr{\'\i}guez}, Mariangelly and
         {Drout}, Maria R. and {Groh}, Jose H. and {Guzman}, Joseph and
         {Stassun}, Keivan G.},
        title = "{Inferring the parallax of Westerlund 1 from Gaia DR2}",
      journal = {\mnras},
     keywords = {stars:evolution, open clusters and associations: individual: Westerlund 1-methods: Bayesian analysis, Astrophysics - Solar and Stellar Astrophysics, Astrophysics - Astrophysics of Galaxies},
         year = 2020,
        month = feb,
       volume = {492},
       number = {2},
        pages = {2497-2509},
          doi = {10.1093/mnras/stz3628},
archivePrefix = {arXiv},
       eprint = {1901.06582},
 primaryClass = {astro-ph.SR},
       adsurl = {https://ui.adsabs.harvard.edu/abs/2020MNRAS.492.2497A},
      adsnote = {Provided by the SAO/NASA Astrophysics Data System}
}

@ARTICLE{Aghakhanloo-2021,
       author = {{Aghakhanloo}, Mojgan and {Murphy}, Jeremiah W. and {Smith}, Nathan and {Parejko}, John and {D{\'\i}az-Rodr{\'\i}guez}, Mariangelly and {Drout}, Maria R. and {Groh}, Jose H. and {Guzman}, Joseph and {Stassun}, Keivan G.},
        title = "{Gaia EDR3 Confirms that Westerlund 1 is Closer and Older than Previously Thought}",
      journal = {Research Notes of the American Astronomical Society},
     keywords = {Massive stars, Stellar types, Luminous blue variable stars, Bayesian statistics, Open star clusters, Star clusters, 732, 1634, 944, 1900, 1160, 1567, Astrophysics - Astrophysics of Galaxies, Astrophysics - Solar and Stellar Astrophysics},
         year = 2021,
        month = jan,
       volume = {5},
       number = {1},
          eid = {14},
        pages = {14},
          doi = {10.3847/2515-5172/abdc2c},
archivePrefix = {arXiv},
       eprint = {2101.06285},
 primaryClass = {astro-ph.GA},
       adsurl = {https://ui.adsabs.harvard.edu/abs/2021RNAAS...5...14A},
      adsnote = {Provided by the SAO/NASA Astrophysics Data System}
}

@ARTICLE{Beasor-2021,
       author = {{Beasor}, Emma R. and {Davies}, Ben and {Smith}, Nathan and {Gehrz}, Robert D. and {Figer}, Donald F.},
        title = "{The Age of Westerlund 1 Revisited}",
      journal = {\apj},
     keywords = {Massive stars, Young star clusters, Stellar evolution, Late stellar evolution, Red supergiant stars, Supergiant stars, Late-type supergiant stars, 732, 1833, 1599, 911, 1375, 1661, 910, Astrophysics - Solar and Stellar Astrophysics, Astrophysics - Astrophysics of Galaxies},
         year = 2021,
        month = may,
       volume = {912},
       number = {1},
          eid = {16},
        pages = {16},
          doi = {10.3847/1538-4357/abec44},
archivePrefix = {arXiv},
       eprint = {2103.02609},
 primaryClass = {astro-ph.SR},
       adsurl = {https://ui.adsabs.harvard.edu/abs/2021ApJ...912...16B},
      adsnote = {Provided by the SAO/NASA Astrophysics Data System}
}

@ARTICLE{Rocha-2022,
       author = {{Rocha}, Danilo F. and {Almeida}, Leonardo A. and {Damineli}, Augusto and {Navarete}, Felipe and {Abdul-Masih}, Michael and {Mace}, Gregory N.},
        title = "{Distance and age of the massive stellar cluster Westerlund 1 - II. The eclipsing binary W36}",
      journal = {\mnras},
     keywords = {eclipses, binaries: eclipsing, binaries: spectroscopic, stars: distances, stars: Wolf-Rayet, open clusters and associations: general, Astrophysics - Solar and Stellar Astrophysics, Astrophysics - Astrophysics of Galaxies, Astrophysics - Instrumentation and Methods for Astrophysics},
         year = 2022,
        month = dec,
       volume = {517},
       number = {3},
        pages = {3749-3762},
          doi = {10.1093/mnras/stac2927},
archivePrefix = {arXiv},
       eprint = {2210.04985},
 primaryClass = {astro-ph.SR},
       adsurl = {https://ui.adsabs.harvard.edu/abs/2022MNRAS.517.3749R},
      adsnote = {Provided by the SAO/NASA Astrophysics Data System}
}



@ARTICLE{Navarete-2022,
       author = {{Navarete}, Felipe and {Damineli}, Augusto and {Ramirez}, Aura E. and {Rocha}, Danilo F. and {Almeida}, Leonardo A.},
        title = "{Distance and age of the massive stellar cluster Westerlund 1. I. Parallax method using Gaia-EDR3}",
      journal = {\mnras},
     keywords = {parallaxes, stars: distances, stars: supergiants, stars: Wolf-Rayet, open clusters and associations: individual: Westerlund 1, Astrophysics - Solar and Stellar Astrophysics, Astrophysics - Astrophysics of Galaxies},
         year = 2022,
        month = oct,
       volume = {516},
       number = {1},
        pages = {1289-1301},
          doi = {10.1093/mnras/stac2374},
archivePrefix = {arXiv},
       eprint = {2204.09414},
 primaryClass = {astro-ph.SR},
       adsurl = {https://ui.adsabs.harvard.edu/abs/2022MNRAS.516.1289N},
      adsnote = {Provided by the SAO/NASA Astrophysics Data System}
}


@ARTICLE{Davies:2019,
       author = {{Davies}, Ben and {Beasor}, Emma R.},
        title = "{The distances to star clusters hosting Red Supergiants: {\ensuremath{\chi}} Per, NGC 7419, and Westerlund 1}",
      journal = {\mnras},
     keywords = {stars: evolution, stars: massive, supergiants, open clusters and associations: individual: Westerlund 1, open clusters and associations: individual: NGC7419, open clusters and associations: individual: {\ensuremath{\chi}} Per, Astrophysics - Solar and Stellar Astrophysics, Astrophysics - Astrophysics of Galaxies},
         year = 2019,
        month = jun,
       volume = {486},
       number = {1},
        pages = {L10-L14},
          doi = {10.1093/mnrasl/slz050},
archivePrefix = {arXiv},
       eprint = {1903.12506},
 primaryClass = {astro-ph.SR},
       adsurl = {https://ui.adsabs.harvard.edu/abs/2019MNRAS.486L..10D},
      adsnote = {Provided by the SAO/NASA Astrophysics Data System}
}

@ARTICLE{Koumpia:2012,
       author = {{Koumpia}, E. and {Bonanos}, A.~Z.},
        title = "{Fundamental parameters of four massive eclipsing binaries in Westerlund 1}",
      journal = {\aap},
     keywords = {stars: fundamental parameters, binaries: eclipsing, open clusters and associations: individual: Westerlund 1, stars: early-type, stars: Wolf-Rayet, stars: massive, Astrophysics - Solar and Stellar Astrophysics},
         year = 2012,
        month = nov,
       volume = {547},
          eid = {A30},
        pages = {A30},
          doi = {10.1051/0004-6361/201219465},
archivePrefix = {arXiv},
       eprint = {1108.4453},
 primaryClass = {astro-ph.SR},
       adsurl = {https://ui.adsabs.harvard.edu/abs/2012A&A...547A..30K},
      adsnote = {Provided by the SAO/NASA Astrophysics Data System}
}

@ARTICLE{Kothes:2007,
       author = {{Kothes}, R. and {Dougherty}, S.~M.},
        title = "{The distance and neutral environment of the massive stellar cluster Westerlund 1}",
      journal = {\aap},
     keywords = {Galaxy: open clusters and associations: individual: Westerlund 1, ISM: bubbles, stars: winds, outflows, ISM: H II regions, ISM: supernova remnants, Astrophysics},
         year = 2007,
        month = jun,
       volume = {468},
       number = {3},
        pages = {993-1000},
          doi = {10.1051/0004-6361:20077309},
archivePrefix = {arXiv},
       eprint = {0704.3073},
 primaryClass = {astro-ph},
       adsurl = {https://ui.adsabs.harvard.edu/abs/2007A&A...468..993K},
      adsnote = {Provided by the SAO/NASA Astrophysics Data System}
}


@TECHREPORT{hst_ir_zpt:2012,
    author = {StSci},
    title = "Hubble Space Telescope IR Photometric Calibration",
    year = 2012
}

@MISC{Anderson:2006,
       author = {{Anderson}, Jay and {King}, Ivan R.},
        title = "{PSFs, Photometry, and Astronomy for the ACS/WFC}",
     keywords = {Hubble Space Telescope, HST, Space Telescope Science Institute, Advanced Camera for Surveys, ACS, WFC, Wide Field Camera, PSF},
 howpublished = {Instrument Science Report ACS 2006-01, 34 pages},
         year = 2006,
        month = feb,
        pages = {1},
       adsurl = {https://ui.adsabs.harvard.edu/abs/2006acs..rept....1A},
      adsnote = {Provided by the SAO/NASA Astrophysics Data System}
}

@ARTICLE{Anderson:2010,
   author = {{Anderson}, J. and {van der Marel}, R.~P.},
    title = "{New Limits on an Intermediate-Mass Black Hole in Omega Centauri. I. Hubble Space Telescope Photometry and Proper Motions}",
  journal = {\apj},
archivePrefix = "arXiv",
   eprint = {0905.0627},
 primaryClass = "astro-ph.GA",
 keywords = {catalogs, globular clusters: general, globular clusters: individual: Omega Cen, stars: kinematics and dynamics, techniques: image processing, techniques: photometric},
     year = 2010,
    month = feb,
   volume = 710,
    pages = {1032-1062},
      doi = {10.1088/0004-637X/710/2/1032},
   adsurl = {http://adsabs.harvard.edu/abs/2010ApJ...710.1032A},
  adsnote = {Provided by the SAO/NASA Astrophysics Data System}
}

@ARTICLE{Ghez:2005,
  author =	 {{Ghez}, A.~M. and {Salim}, S. and {Hornstein},
                  S.~D. and {Tanner}, A. and {Lu}, J.~R. and {Morris},
                  M. and {Becklin}, E.~E. and {Duch{\^e}ne}, G.  },
  title =	 "{Stellar Orbits around the Galactic Center Black
                  Hole}",
  journal =	 {\apj},
  year =	 2005,
  month =	 feb,
  volume =	 620,
  pages =	 {744-757},
  doi =		 {10.1086/427175},
  adsurl =
                  {http://adsabs.harvard.edu/cgi-bin/nph-bib_query?bibcode=2005ApJ...620..744G&db_key=AST},
  adsnote =	 {Provided by the Smithsonian/NASA Astrophysics Data
                  System}
}

@ARTICLE{Hosek:2015,
   author = {{Hosek}, Jr., M.~W. and {Lu}, J.~R. and {Anderson}, J. and {Ghez}, A.~M. and 
	{Morris}, M.~R. and {Clarkson}, W.~I.},
    title = "{The Arches Cluster: Extended Structure and Tidal Radius}",
  journal = {\apj},
archivePrefix = "arXiv",
   eprint = {1509.04716},
 primaryClass = "astro-ph.SR",
 keywords = {astrometry, Galaxy: center, open clusters and associations: individual: Arches, stars: kinematics and dynamics},
     year = 2015,
    month = nov,
   volume = 813,
      eid = {27},
    pages = {27},
      doi = {10.1088/0004-637X/813/1/27},
   adsurl = {http://adsabs.harvard.edu/abs/2015ApJ...813...27H},
  adsnote = {Provided by the SAO/NASA Astrophysics Data System}
}


@ARTICLE{Lu:2009,
   author = {{Lu}, J.~R. and {Ghez}, A.~M. and {Hornstein}, S.~D. and {Morris}, M.~R. and 
	{Becklin}, E.~E. and {Matthews}, K.},
    title = "{A Disk of Young Stars at the Galactic Center as Determined by Individual Stellar Orbits}",
  journal = {\apj},
archivePrefix = "arXiv",
   eprint = {0808.3818},
 keywords = {black hole physics, Galaxy: center, infrared: stars, techniques: high angular resolution},
     year = 2009,
    month = jan,
   volume = 690,
    pages = {1463-1487},
      doi = {10.1088/0004-637X/690/2/1463},
   adsurl = {http://adsabs.harvard.edu/abs/2009ApJ...690.1463L},
  adsnote = {Provided by the SAO/NASA Astrophysics Data System}
}

@ARTICLE{Lu:2013,
   author = {{Lu}, J.~R. and {Do}, T. and {Ghez}, A.~M. and {Morris}, M.~R. and 
	{Yelda}, S. and {Matthews}, K.},
    title = "{Stellar Populations in the Central 0.5 pc of the Galaxy. II. The Initial Mass Function}",
  journal = {\apj},
archivePrefix = "arXiv",
   eprint = {1301.0540},
 primaryClass = "astro-ph.SR",
 keywords = {Galaxy: center, infrared: stars, methods: statistical, stars: evolution, stars: luminosity function, mass function, stars: massive},
     year = 2013,
    month = feb,
   volume = 764,
      eid = {155},
    pages = {155},
      doi = {10.1088/0004-637X/764/2/155},
   adsurl = {http://adsabs.harvard.edu/abs/2013ApJ...764..155L},
  adsnote = {Provided by the SAO/NASA Astrophysics Data System}
}

@ARTICLE{Yelda:2014,
   author = {{Yelda}, S. and {Ghez}, A.~M. and {Lu}, J.~R. and {Do}, T. and 
	{Meyer}, L. and {Morris}, M.~R. and {Matthews}, K.},
    title = "{Properties of the Remnant Clockwise Disk of Young Stars in the Galactic Center}",
  journal = {\apj},
archivePrefix = "arXiv",
   eprint = {1401.7354},
 primaryClass = "astro-ph.GA",
 keywords = {astrometry, Galaxy: center, infrared: stars, techniques: high angular resolution},
     year = 2014,
    month = mar,
   volume = 783,
      eid = {131},
    pages = {131},
      doi = {10.1088/0004-637X/783/2/131},
   adsurl = {http://adsabs.harvard.edu/abs/2014ApJ...783..131Y},
  adsnote = {Provided by the SAO/NASA Astrophysics Data System}
}

@ARTICLE{Clarkson:2012,
   author = {{Clarkson}, W.~I. and {Ghez}, A.~M. and {Morris}, M.~R. and 
	{Lu}, J.~R. and {Stolte}, A. and {McCrady}, N. and {Do}, T. and 
	{Yelda}, S.},
    title = "{Proper Motions of the Arches Cluster with Keck Laser Guide Star Adaptive Optics: The First Kinematic Mass Measurement of the Arches}",
  journal = {\apj},
archivePrefix = "arXiv",
   eprint = {1112.5458},
 keywords = {astrometry, galaxies: clusters: individual: Arches, Galaxy: kinematics and dynamics, open clusters and associations: individual: Arches, stars: kinematics and dynamics, techniques: high angular resolution},
     year = 2012,
    month = jun,
   volume = 751,
      eid = {132},
    pages = {132},
      doi = {10.1088/0004-637X/751/2/132},
   adsurl = {http://adsabs.harvard.edu/abs/2012ApJ...751..132C},
  adsnote = {Provided by the SAO/NASA Astrophysics Data System}
}

@ARTICLE{Hosek-2019,
   author = {{Hosek}, Jr., M.~W. and {Lu}, J.~R. and {Anderson}, J. and {Najarro}, F. and 
	{Ghez}, A.~M. and {Morris}, M.~R. and {Clarkson}, W.~I. and 
	{Albers}, S.~M.},
    title = "{The Unusual Initial Mass Function of the Arches Cluster}",
  journal = {\apj},
archivePrefix = "arXiv",
   eprint = {1808.02577},
 keywords = {astrometry, Galaxy: center, open clusters and associations: individual: Arches Cluster, stars: formation },
     year = 2019,
    month = jan,
   volume = 870,
      eid = {44},
    pages = {44},
      doi = {10.3847/1538-4357/aaef90},
   adsurl = {http://adsabs.harvard.edu/abs/2019ApJ...870...44H},
  adsnote = {Provided by the SAO/NASA Astrophysics Data System}
}

@ARTICLE{Rui:2019, 
    author = {{Rui}, Nicholas Z. and {Hosek}, Matthew W., Jr. and {Lu}, Jessica R. and {Clarkson}, William I. and {Anderson}, Jay and {Morris}, Mark R. and {Ghez}, Andrea M.},
    title = "{The Quintuplet Cluster: Extended Structure and Tidal Radius}",
    journal = {\apj},
    keywords = {astrometry, Galaxy: center, open clusters and associations: individual: Quintuplet, stars: kinematics and dynamics, Astrophysics - Solar and Stellar Astrophysics, Astrophysics - Astrophysics of Galaxies},
    year = "2019",
    month = "May",
    volume = {877},
    number = {1},
    eid = {37},
    pages = {37},
    doi = {10.3847/1538-4357/ab17e0},
    archivePrefix = {arXiv},
    eprint = {1904.02395},
    primaryClass = {astro-ph.SR},
    adsurl = {https://ui.adsabs.harvard.edu/abs/2019ApJ...877...37R},
    adsnote = {Provided by the SAO/NASA Astrophysics Data System}
}

@ARTICLE{Cappellari:2003,
    author = {{Cappellari}, M. and {Copin}, Y.},
    title = "{Adaptive spatial binning of integral-field spectroscopic
        data using Voronoi tessellations}",
    journal = {MNRAS},
    eprint = {astro-ph/0302262},
    year = 2003,
    volume = 342,
    pages = {345-354},
    doi = {10.1046/j.1365-8711.2003.06541.x}
}

@ARTICLE{Brandner:2008,
    author = {{Brandner}, W. and {Clark}, J.~S. and {Stolte}, A. and {Waters}, R. and
    {Negueruela}, I. and {Goodwin}, S.~P.},
    title = "{Intermediate to low-mass stellar content of Westerlund 1}",
    journal = {\aap},
    keywords = {stars: evolution, stars: formation, stars: luminosity function, mass function, stars: pre-main sequence, stars: supernovae: general, Galaxy: open clusters and associations: individual: Westerlund 1, Astrophysics},
    year = "2008",
    month = "Jan",
    volume = {478},
    number = {1},
    pages = {137-149},
    doi = {10.1051/0004-6361:20077579},
    archivePrefix = {arXiv},
    eprint = {0711.1624},
    primaryClass = {astro-ph},
    adsurl = {https://ui.adsabs.harvard.edu/abs/2008A&A...478..137B},
    adsnote = {Provided by the SAO/NASA Astrophysics Data System}
}

@article{Schwarz:1978,
    author = "Schwarz, Gideon",
    doi = "10.1214/aos/1176344136",
    fjournal = "The Annals of Statistics",
    journal = "Ann. Statist.",
    month = "03",
    number = "2",
    pages = "461--464",
    publisher = "The Institute of Mathematical Statistics",
    title = "Estimating the Dimension of a Model",
    url = "https://doi.org/10.1214/aos/1176344136",
    volume = "6",
    year = "1978"
}

@ARTICLE{Gennaro:2011,
       author = {{Gennaro}, M. and {Brandner}, W. and {Stolte}, A. and {Henning}, Th.},
        title = "{Mass segregation and elongation of the starburst cluster Westerlund 1}",
      journal = {\mnras},
     keywords = {stars: evolution, stars: formation, Hertzsprung-Russell and colour-magnitude diagrams, stars: luminosity function, mass function, stars: pre-main-sequence, open clusters and associations: individual: Westerlund 1, Astrophysics - Astrophysics of Galaxies},
         year = "2011",
        month = "Apr",
       volume = {412},
       number = {4},
        pages = {2469-2488},
          doi = {10.1111/j.1365-2966.2010.18068.x},
archivePrefix = {arXiv},
       eprint = {1011.5223},
 primaryClass = {astro-ph.GA},
       adsurl = {https://ui.adsabs.harvard.edu/abs/2011MNRAS.412.2469G},
      adsnote = {Provided by the SAO/NASA Astrophysics Data System}
}

@ARTICLE{Buchner:2014,
       author = {{Buchner}, J. and {Georgakakis}, A. and {Nandra}, K. and {Hsu}, L. and
         {Rangel}, C. and {Brightman}, M. and {Merloni}, A. and {Salvato}, M. and
         {Donley}, J. and {Kocevski}, D.},
        title = "{X-ray spectral modelling of the AGN obscuring region in the CDFS: Bayesian model selection and catalogue}",
      journal = {\aap},
     keywords = {accretion, accretion disks, methods: data analysis, methods: statistical, galaxies: nuclei, X-rays: galaxies, galaxies: high-redshift, Astrophysics - High Energy Astrophysical Phenomena, Astrophysics - Cosmology and Nongalactic Astrophysics},
         year = "2014",
        month = "Apr",
       volume = {564},
          eid = {A125},
        pages = {A125},
          doi = {10.1051/0004-6361/201322971},
archivePrefix = {arXiv},
       eprint = {1402.0004},
 primaryClass = {astro-ph.HE},
       adsurl = {https://ui.adsabs.harvard.edu/abs/2014A&A...564A.125B},
      adsnote = {Provided by the SAO/NASA Astrophysics Data System}
}

@ARTICLE{Feroz:2009,
       author = {{Feroz}, F. and {Hobson}, M.~P. and {Bridges}, M.},
        title = "{MULTINEST: an efficient and robust Bayesian inference tool for cosmology and particle physics}",
      journal = {\mnras},
     keywords = {methods: data analysis, methods: statistical, Astrophysics},
         year = "2009",
        month = "Oct",
       volume = {398},
       number = {4},
        pages = {1601-1614},
          doi = {10.1111/j.1365-2966.2009.14548.x},
archivePrefix = {arXiv},
       eprint = {0809.3437},
 primaryClass = {astro-ph},
       adsurl = {https://ui.adsabs.harvard.edu/abs/2009MNRAS.398.1601F},
      adsnote = {Provided by the SAO/NASA Astrophysics Data System}
}

@ARTICLE{Bressan:2012,
       author = {{Bressan}, Alessandro and {Marigo}, Paola and {Girardi}, L{\'e}o. and
         {Salasnich}, Bernardo and {Dal Cero}, Claudia and {Rubele}, Stefano and
         {Nanni}, Ambra},
        title = "{PARSEC: stellar tracks and isochrones with the PAdova and TRieste Stellar Evolution Code}",
      journal = {\mnras},
     keywords = {stars: evolution, Hertzsprung‒Russell and colour magnitude diagrams, stars: interiors, stars: low-mass, Astrophysics - Solar and Stellar Astrophysics},
         year = "2012",
        month = "Nov",
       volume = {427},
       number = {1},
        pages = {127-145},
          doi = {10.1111/j.1365-2966.2012.21948.x},
archivePrefix = {arXiv},
       eprint = {1208.4498},
 primaryClass = {astro-ph.SR},
       adsurl = {https://ui.adsabs.harvard.edu/abs/2012MNRAS.427..127B},
      adsnote = {Provided by the SAO/NASA Astrophysics Data System}
}

@ARTICLE{Lim:2013,
       author = {{Lim}, Beomdu and {Chun}, Moo-Young and {Sung}, Hwankyung and
         {Park}, Byeong-Gon and {Lee}, Jae-Joon and {Sohn}, Sangmo T. and
         {Hur}, Hyeonoh and {Bessell}, Michael S.},
        title = "{The Starburst Cluster Westerlund 1: The Initial Mass Function and Mass Segregation}",
      journal = {\aj},
     keywords = {open clusters and associations: individual: Westerlund 1, stars: luminosity function, mass function, Astrophysics - Solar and Stellar Astrophysics, Astrophysics - Astrophysics of Galaxies},
         year = "2013",
        month = "Feb",
       volume = {145},
       number = {2},
          eid = {46},
        pages = {46},
          doi = {10.1088/0004-6256/145/2/46},
archivePrefix = {arXiv},
       eprint = {1211.5832},
 primaryClass = {astro-ph.SR},
       adsurl = {https://ui.adsabs.harvard.edu/abs/2013AJ....145...46L},
      adsnote = {Provided by the SAO/NASA Astrophysics Data System}
}

@ARTICLE{Crowther:2006,
       author = {{Crowther}, Paul A. and {Hadfield}, L.~J. and {Clark}, J.~S. and
         {Negueruela}, I. and {Vacca}, W.~D.},
        title = "{A census of the Wolf-Rayet content in Westerlund 1 from near-infrared imaging and spectroscopy}",
      journal = {\mnras},
     keywords = {stars: Wolf-Rayet, open clusters and associations: individual: Westerlund 1, Astrophysics},
         year = "2006",
        month = "Nov",
       volume = {372},
       number = {3},
        pages = {1407-1424},
          doi = {10.1111/j.1365-2966.2006.10952.x},
archivePrefix = {arXiv},
       eprint = {astro-ph/0608356},
 primaryClass = {astro-ph},
       adsurl = {https://ui.adsabs.harvard.edu/abs/2006MNRAS.372.1407C},
      adsnote = {Provided by the SAO/NASA Astrophysics Data System}
}

@ARTICLE{Elson:1987,
       author = {{Elson}, Rebecca A.~W. and {Fall}, S. Michael and {Freeman}, Kenneth C.},
        title = "{The Structure of Young Star Clusters in the Large Magellanic Cloud}",
      journal = {\apj},
     keywords = {Globular Clusters, Magellanic Clouds, Mass To Light Ratios, Star Distribution, Stellar Evolution, Stellar Luminosity, Mass Distribution, Star Formation, Stellar Motions, Stellar Spectrophotometry, Velocity Distribution, Astrophysics, GALAXIES: MAGELLANIC CLOUDS, CLUSTERS: GLOBULAR, STARS: FORMATION, STARS: STELLAR DYNAMICS},
         year = "1987",
        month = "Dec",
       volume = {323},
        pages = {54},
          doi = {10.1086/165807},
       adsurl = {https://ui.adsabs.harvard.edu/abs/1987ApJ...323...54E},
      adsnote = {Provided by the SAO/NASA Astrophysics Data System}
}

@ARTICLE{Andersen:2017,
       author = {{Andersen}, M. and {Gennaro}, M. and {Brandner}, W. and {Stolte}, A. and
         {de Marchi}, G. and {Meyer}, M.~R. and {Zinnecker}, H.},
        title = "{Very low-mass stellar content of the young supermassive Galactic star cluster Westerlund 1}",
      journal = {\aap},
     keywords = {stars: formation, open clusters and associations: individual: Westerlund 1, stars: low-mass, stars: luminosity function, mass function, stars: pre-main sequence, Astrophysics - Astrophysics of Galaxies, Astrophysics - Solar and Stellar Astrophysics},
         year = "2017",
        month = "Jun",
       volume = {602},
          eid = {A22},
        pages = {A22},
          doi = {10.1051/0004-6361/201322863},
archivePrefix = {arXiv},
       eprint = {1602.05918},
 primaryClass = {astro-ph.GA},
       adsurl = {https://ui.adsabs.harvard.edu/abs/2017A&A...602A..22A},
      adsnote = {Provided by the SAO/NASA Astrophysics Data System}
}

@article{Muno:2006,
	doi = {10.1086/507175},
	url = {https://doi.org/10.1086%2F507175},
	year = 2006,
	month = {oct},
	publisher = {{IOP} Publishing},
	volume = {650},
	number = {1},
	pages = {203--211},
	author = {Michael P. Muno and Casey Law and J. Simon Clark and Sean M. Dougherty and Richard de Grijs and Simon Portegies Zwart and Farhad Yusef-Zadeh},
	title = {Diffuse, Nonthermal X-Ray Emission from the Galactic Star Cluster Westerlund 1},
	journal = {The Astrophysical Journal},
}

@ARTICLE{Westerlund:1961,
       author = {{Westerlund}, Bengt},
        title = "{A Heavily Reddened Cluster in ARA}",
      journal = {\pasp},
         year = "1961",
        month = "Feb",
       volume = {73},
       number = {430},
        pages = {51},
          doi = {10.1086/127618},
       adsurl = {https://ui.adsabs.harvard.edu/abs/1961PASP...73...51W},
      adsnote = {Provided by the SAO/NASA Astrophysics Data System}
}

@ARTICLE{Westerlund:1987,
       author = {{Westerlund}, B.~E.},
        title = "{Photometry and spectroscopy of stars in the region of a highly reddened cluster in Ara.}",
      journal = {\aaps},
     keywords = {Astronomical Photometry, Interstellar Extinction, Star Clusters, Stellar Evolution, Stellar Spectrophotometry, Hydrogen, Near Infrared Radiation, Stellar Luminosity, Stellar Magnitude, Supergiant Stars, Astrophysics},
         year = "1987",
        month = "Sep",
       volume = {70},
        pages = {311-324},
       adsurl = {https://ui.adsabs.harvard.edu/abs/1987A&AS...70..311W},
      adsnote = {Provided by the SAO/NASA Astrophysics Data System}
}

@ARTICLE{Koornneef:1977,
       author = {{Koornneef}, J.},
        title = "{Highly Reddened ARA Cluster Revisited}",
      journal = {\aap},
     keywords = {circumstellar shells interstellar extinction galactic cluster},
         year = "1977",
        month = "Mar",
       volume = {55},
        pages = {469-471},
       adsurl = {https://ui.adsabs.harvard.edu/abs/1977A&A....55..469K},
      adsnote = {Provided by the SAO/NASA Astrophysics Data System}
}

@ARTICLE{Clark:1998,
       author = {{Clark}, J.~S. and {Fender}, R.~P. and {Waters}, L.~B.~F.~M. and
         {Dougherty}, S.~M. and {Koornneef}, J. and {Steele}, I.~A. and
         {van Blokland}, A.},
        title = "{Discovery of extended radio emission in the young cluster Wd1}",
      journal = {\mnras},
     keywords = {STARS: EMISSION-LINE, BE, STARS: INDIVIDUAL: ARA C, Astrophysics},
         year = "1998",
        month = "Oct",
       volume = {299},
       number = {4},
        pages = {L43-L47},
          doi = {10.1046/j.1365-8711.1998.02038.x},
archivePrefix = {arXiv},
       eprint = {astro-ph/9807303},
 primaryClass = {astro-ph},
       adsurl = {https://ui.adsabs.harvard.edu/abs/1998MNRAS.299L..43C},
      adsnote = {Provided by the SAO/NASA Astrophysics Data System}
}

@ARTICLE{Wright:2014,
       author = {{Wright}, Nicholas J. and {Wesson}, Roger and {Drew}, Janet E. and
         {Barentsen}, Geert and {Barlow}, Michael J. and {Walsh}, Jeremy R. and
         {Zijlstra}, Albert and {Drake}, Jeremy J. and {Eisl{\"o}ffel}, Jochen and
         {Farnhill}, Hywel J.},
        title = "{The ionized nebula surrounding the red supergiant W26 in Westerlund 1}",
      journal = {\mnras},
     keywords = {circumstellar matter, stars: individual: W26, stars: mass-loss, supergiants, stars: winds, outflows, Astrophysics - Solar and Stellar Astrophysics},
         year = "2014",
        month = "Jan",
       volume = {437},
       number = {1},
        pages = {L1-L5},
          doi = {10.1093/mnrasl/slt127},
archivePrefix = {arXiv},
       eprint = {1309.4086},
 primaryClass = {astro-ph.SR},
       adsurl = {https://ui.adsabs.harvard.edu/abs/2014MNRAS.437L...1W},
      adsnote = {Provided by the SAO/NASA Astrophysics Data System}
}

@ARTICLE{Clark:2013,
       author = {{Clark}, J.~S. and {Ritchie}, B.~W. and {Negueruela}, I.},
        title = "{The circumstellar environment and evolutionary state of the supergiant B[e] star Wd1-9}",
      journal = {\aap},
     keywords = {binaries: close, circumstellar matter, stars: emission-line, Be, Astrophysics - Solar and Stellar Astrophysics},
         year = "2013",
        month = "Dec",
       volume = {560},
          eid = {A11},
        pages = {A11},
          doi = {10.1051/0004-6361/201321412},
archivePrefix = {arXiv},
       eprint = {1311.4792},
 primaryClass = {astro-ph.SR},
       adsurl = {https://ui.adsabs.harvard.edu/abs/2013A&A...560A..11C},
      adsnote = {Provided by the SAO/NASA Astrophysics Data System}
}

@ARTICLE{Clark:2010,
       author = {{Clark}, J.~S. and {Ritchie}, B.~W. and {Negueruela}, I.},
        title = "{A serendipitous survey for variability amongst the massive stellar population of Westerlund 1}",
      journal = {\aap},
     keywords = {stars: evolution, stars: variables: general, supergiants, Astrophysics - Solar and Stellar Astrophysics},
         year = "2010",
        month = "May",
       volume = {514},
          eid = {A87},
        pages = {A87},
          doi = {10.1051/0004-6361/200913820},
archivePrefix = {arXiv},
       eprint = {1003.5107},
 primaryClass = {astro-ph.SR},
       adsurl = {https://ui.adsabs.harvard.edu/abs/2010A&A...514A..87C},
      adsnote = {Provided by the SAO/NASA Astrophysics Data System}
}

@ARTICLE{Mengel:2009,
       author = {{Mengel}, Sabine and {Tacconi-Garman}, Lowell E.},
        title = "{Westerlund 1: bound or unbound?}",
      journal = {\apss},
     keywords = {Open clusters and associations: individual: Westerlund 1, Galaxies: star clusters, Supergiants, Astrophysics},
         year = "2009",
        month = "Dec",
       volume = {324},
       number = {2-4},
        pages = {321-325},
          doi = {10.1007/s10509-009-0106-7},
archivePrefix = {arXiv},
       eprint = {0803.4471},
 primaryClass = {astro-ph},
       adsurl = {https://ui.adsabs.harvard.edu/abs/2009Ap&SS.324..321M},
      adsnote = {Provided by the SAO/NASA Astrophysics Data System}
}

@ARTICLE{Mackey:2003a,
       author = {{Mackey}, A.~D. and {Gilmore}, G.~F.},
        title = "{Surface brightness profiles and structural parameters for 53 rich stellar clusters in the Large Magellanic Cloud}",
      journal = {\mnras},
     keywords = {stars: statistics, globular clusters: general, Magellanic Clouds, galaxies: star clusters, Astrophysics},
         year = "2003",
        month = "Jan",
       volume = {338},
       number = {1},
        pages = {85-119},
          doi = {10.1046/j.1365-8711.2003.06021.x},
archivePrefix = {arXiv},
       eprint = {astro-ph/0209031},
 primaryClass = {astro-ph},
       adsurl = {https://ui.adsabs.harvard.edu/abs/2003MNRAS.338...85M},
      adsnote = {Provided by the SAO/NASA Astrophysics Data System}
}

@ARTICLE{Mackey:2003b,
       author = {{Mackey}, A.~D. and {Gilmore}, G.~F.},
        title = "{Surface brightness profiles and structural parameters for 10 rich stellar clusters in the Small Magellanic Cloud}",
      journal = {\mnras},
     keywords = {stars: statistics, globular clusters: general, Magellanic Clouds, galaxies: star clusters, Astrophysics},
         year = "2003",
        month = "Jan",
       volume = {338},
       number = {1},
        pages = {120-130},
          doi = {10.1046/j.1365-8711.2003.06022.x},
archivePrefix = {arXiv},
       eprint = {astro-ph/0209046},
 primaryClass = {astro-ph},
       adsurl = {https://ui.adsabs.harvard.edu/abs/2003MNRAS.338..120M},
      adsnote = {Provided by the SAO/NASA Astrophysics Data System}
}

@ARTICLE{Mackey:2003c,
       author = {{Mackey}, A.~D. and {Gilmore}, G.~F.},
        title = "{Surface brightness profiles and structural parameters for globular clusters in the Fornax and Sagittarius dwarf spheroidal galaxies}",
      journal = {\mnras},
     keywords = {stars: statistics, globular clusters: general, galaxies: individual: Fornax dwarf spheroidal, galaxies: individual: Sagittarius dwarf spheroidal, Local Group, galaxies: star clusters, Astrophysics},
         year = "2003",
        month = "Mar",
       volume = {340},
       number = {1},
        pages = {175-190},
          doi = {10.1046/j.1365-8711.2003.06275.x},
archivePrefix = {arXiv},
       eprint = {astro-ph/0211396},
 primaryClass = {astro-ph},
       adsurl = {https://ui.adsabs.harvard.edu/abs/2003MNRAS.340..175M},
      adsnote = {Provided by the SAO/NASA Astrophysics Data System}
}

@ARTICLE{McLaughlin:2005,
       author = {{McLaughlin}, Dean E. and {van der Marel}, Roeland P.},
        title = "{Resolved Massive Star Clusters in the Milky Way and Its Satellites: Brightness Profiles and a Catalog of Fundamental Parameters}",
      journal = {\apjs},
     keywords = {Galaxies: Star Clusters, Galaxy: Globular Clusters: General, Galaxies: Magellanic Clouds, Astrophysics},
         year = "2005",
        month = "Dec",
       volume = {161},
       number = {2},
        pages = {304-360},
          doi = {10.1086/497429},
archivePrefix = {arXiv},
       eprint = {astro-ph/0605132},
 primaryClass = {astro-ph},
       adsurl = {https://ui.adsabs.harvard.edu/abs/2005ApJS..161..304M},
      adsnote = {Provided by the SAO/NASA Astrophysics Data System}
}

@ARTICLE{Richardson:2011,
       author = {{Richardson}, Jenny C. and {Irwin}, Mike J. and {McConnachie}, Alan W. and
         {Martin}, Nicolas F. and {Dotter}, Aaron L. and
         {Ferguson}, Annette M.~N. and {Ibata}, Rodrigo A. and
         {Chapman}, Scott C. and {Lewis}, Geraint F. and {Tanvir}, Nial R. and
         {Rich}, R. Michael},
        title = "{PAndAS' Progeny: Extending the M31 Dwarf Galaxy Cabal}",
      journal = {\apj},
     keywords = {galaxies: dwarf, galaxies: structure, Local Group, Astrophysics - Cosmology and Nongalactic Astrophysics, Astrophysics - Astrophysics of Galaxies},
         year = "2011",
        month = "May",
       volume = {732},
       number = {2},
          eid = {76},
        pages = {76},
          doi = {10.1088/0004-637X/732/2/76},
archivePrefix = {arXiv},
       eprint = {1102.2902},
 primaryClass = {astro-ph.CO},
       adsurl = {https://ui.adsabs.harvard.edu/abs/2011ApJ...732...76R},
      adsnote = {Provided by the SAO/NASA Astrophysics Data System}
}

@ARTICLE{Cicuendez:2018,
       author = {{Cicu{\'e}ndez}, L. and {Battaglia}, G. and {Irwin}, M. and
         {Bermejo-Climent}, J.~R. and {McMonigal}, B. and {Bate}, N.~F. and
         {Lewis}, G.~F. and {Conn}, A.~R. and {de Boer}, T.~J.~L. and
         {Gallart}, C. and {Guglielmo}, M. and {Ibata}, R. and
         {McConnachie}, A. and {Tolstoy}, E. and {Fernando}, N.},
        title = "{Tracing the stellar component of low surface brightness Milky Way dwarf galaxies to their outskirts. I. Sextans}",
      journal = {\aap},
     keywords = {galaxies: individual: Sextans dSph, galaxies: dwarf, Local Group, galaxies: structure, galaxies: statistics, dark matter, Astrophysics - Astrophysics of Galaxies},
         year = "2018",
        month = "Jan",
       volume = {609},
          eid = {A53},
        pages = {A53},
          doi = {10.1051/0004-6361/201731450},
archivePrefix = {arXiv},
       eprint = {1709.04519},
 primaryClass = {astro-ph.GA},
       adsurl = {https://ui.adsabs.harvard.edu/abs/2018A&A...609A..53C},
      adsnote = {Provided by the SAO/NASA Astrophysics Data System}
}

@ARTICLE{Do:2013,
       author = {{Do}, T. and {Lu}, J.~R. and {Ghez}, A.~M. and {Morris}, M.~R. and
         {Yelda}, S. and {Martinez}, G.~D. and {Wright}, S.~A. and
         {Matthews}, K.},
        title = "{Stellar Populations in the Central 0.5 pc of the Galaxy. I. A New Method for Constructing Luminosity Functions and Surface-density Profiles}",
      journal = {\apj},
     keywords = {Galaxy: center, infrared: stars, stars: early-type, stars: luminosity function, mass function, techniques: high angular resolution, techniques: spectroscopic, Astrophysics - Solar and Stellar Astrophysics, Astrophysics - Astrophysics of Galaxies},
         year = "2013",
        month = "Feb",
       volume = {764},
       number = {2},
          eid = {154},
        pages = {154},
          doi = {10.1088/0004-637X/764/2/154},
archivePrefix = {arXiv},
       eprint = {1301.0539},
 primaryClass = {astro-ph.SR},
       adsurl = {https://ui.adsabs.harvard.edu/abs/2013ApJ...764..154D},
      adsnote = {Provided by the SAO/NASA Astrophysics Data System}
}

@ARTICLE{Portegies_Zwart:2010,
       author = {{Portegies Zwart}, Simon F. and {McMillan}, Stephen L.~W. and
         {Gieles}, Mark},
        title = "{Young Massive Star Clusters}",
      journal = {\araa},
     keywords = {Astrophysics - Astrophysics of Galaxies, Astrophysics - Solar and Stellar Astrophysics},
         year = "2010",
        month = "Sep",
       volume = {48},
        pages = {431-493},
          doi = {10.1146/annurev-astro-081309-130834},
archivePrefix = {arXiv},
       eprint = {1002.1961},
 primaryClass = {astro-ph.GA},
       adsurl = {https://ui.adsabs.harvard.edu/abs/2010ARA&A..48..431P},
      adsnote = {Provided by the SAO/NASA Astrophysics Data System}
}

@ARTICLE{Gennaro:2017,
       author = {{Gennaro}, Mario and {Goodwin}, Simon P. and {Parker}, Richard J. and
         {Allison}, Richard J. and {Brandner}, Wolfgang},
        title = "{Hierarchical formation of Westerlund 1: a collapsing cluster with no primordial mass segregation?}",
      journal = {\mnras},
     keywords = {stars: kinematics and dynamics, open clusters and associations: individual: Westerlund 1, stars: kinematics and dynamics - open clusters and associations: individual: Westerlund 1, Astrophysics - Astrophysics of Galaxies, Astrophysics - Solar and Stellar Astrophysics},
         year = "2017",
        month = "Dec",
       volume = {472},
       number = {2},
        pages = {1760-1769},
          doi = {10.1093/mnras/stx2098},
archivePrefix = {arXiv},
       eprint = {1708.04161},
 primaryClass = {astro-ph.GA},
       adsurl = {https://ui.adsabs.harvard.edu/abs/2017MNRAS.472.1760G},
      adsnote = {Provided by the SAO/NASA Astrophysics Data System}
}

@ARTICLE{Ascenso:2009a,
       author = {{Ascenso}, J. and {Alves}, J. and {Lago}, M.~T.~V.~T.},
        title = "{No evidence of mass segregation in massive young clusters}",
      journal = {\aap},
     keywords = {open clusters and associations: general, methods: statistical, Astrophysics},
         year = "2009",
        month = "Feb",
       volume = {495},
       number = {1},
        pages = {147-155},
          doi = {10.1051/0004-6361/200809886},
archivePrefix = {arXiv},
       eprint = {0811.3213},
 primaryClass = {astro-ph},
       adsurl = {https://ui.adsabs.harvard.edu/abs/2009A&A...495..147A},
      adsnote = {Provided by the SAO/NASA Astrophysics Data System}
}

@ARTICLE{Ascenso:2009b,
       author = {{Ascenso}, J. and {Alves}, J. and {Lago}, M.~T.~V.~T.},
        title = "{No evidence of mass segregation in massive young clusters}",
      journal = {\aap},
     keywords = {open clusters and associations: general, methods: statistical, Astrophysics},
         year = "2009",
        month = "Feb",
       volume = {495},
       number = {1},
        pages = {147-155},
          doi = {10.1051/0004-6361/200809886},
archivePrefix = {arXiv},
       eprint = {0811.3213},
 primaryClass = {astro-ph},
       adsurl = {https://ui.adsabs.harvard.edu/abs/2009A&A...495..147A},
      adsnote = {Provided by the SAO/NASA Astrophysics Data System}
}

@ARTICLE{Allison:2009,
       author = {{Allison}, Richard J. and {Goodwin}, Simon P. and {Parker}, Richard J. and
         {Portegies Zwart}, Simon F. and {de Grijs}, Richard and
         {Kouwenhoven}, M.~B.~N.},
        title = "{Using the minimum spanning tree to trace mass segregation}",
      journal = {\mnras},
     keywords = {methods: data analysis, Astrophysics - Galaxy Astrophysics},
         year = "2009",
        month = "May",
       volume = {395},
       number = {3},
        pages = {1449-1454},
          doi = {10.1111/j.1365-2966.2009.14508.x},
archivePrefix = {arXiv},
       eprint = {0901.2047},
 primaryClass = {astro-ph.GA},
       adsurl = {https://ui.adsabs.harvard.edu/abs/2009MNRAS.395.1449A},
      adsnote = {Provided by the SAO/NASA Astrophysics Data System}
}

@ARTICLE{Parker:2015,
       author = {{Parker}, Richard J. and {Goodwin}, Simon P.},
        title = "{Comparisons between different techniques for measuring mass segregation}",
      journal = {\mnras},
     keywords = {methods: data analysis, methods: statistical, stars: formation, galaxies: star clusters: general, Astrophysics - Astrophysics of Galaxies, Astrophysics - Solar and Stellar Astrophysics},
         year = "2015",
        month = "Jun",
       volume = {449},
       number = {4},
        pages = {3381-3392},
          doi = {10.1093/mnras/stv539},
archivePrefix = {arXiv},
       eprint = {1503.02692},
 primaryClass = {astro-ph.GA},
       adsurl = {https://ui.adsabs.harvard.edu/abs/2015MNRAS.449.3381P},
      adsnote = {Provided by the SAO/NASA Astrophysics Data System}
}

@ARTICLE{Prim:1957,
       author = {{Prim}, R.~C.},
        title = "{Shortest Connection Networks And Some Generalizations}",
      journal = {Bell System Technical Journal},
         year = "1957",
        month = "Nov",
       volume = {36},
       number = {6},
        pages = {1389-1401},
          doi = {10.1002/j.1538-7305.1957.tb01515.x},
       adsurl = {https://ui.adsabs.harvard.edu/abs/1957BSTJ...36.1389P},
      adsnote = {Provided by the SAO/NASA Astrophysics Data System}
}

@ARTICLE{Berger:2008,
       author = {{Berger}, James O. and {Sun}, Dongchu},
        title = "{Objective priors for the bivariate normal model}",
      journal = {arXiv e-prints},
     keywords = {Mathematics - Statistics, 62F10, 62F15, 62F25 (Primary) 62A01, 62E15, 62H10, 62H20 (Secondary)},
         year = 2008,
        month = apr,
          eid = {arXiv:0804.0987},
        pages = {arXiv:0804.0987},
          doi = {10.48550/arXiv.0804.0987},
archivePrefix = {arXiv},
       eprint = {0804.0987},
 primaryClass = {math.ST},
       adsurl = {https://ui.adsabs.harvard.edu/abs/2008arXiv0804.0987B},
      adsnote = {Provided by the SAO/NASA Astrophysics Data System}
}

@ARTICLE{Bernardo:1988,
    author = {{Bernardo}, J.~M. and {Gir{\'o}n}, F.~J.},
    title = "{A Bayesian analysis of simple mixture problems}",
    journal = {Bayesian Statistics 3}, 
    year = "1988",
    pages = {67-78},
}

@ARTICLE{emcee,
       author = {{Foreman-Mackey}, Daniel and {Hogg}, David W. and {Lang}, Dustin and {Goodman}, Jonathan},
        title = "{emcee: The MCMC Hammer}",
      journal = {\pasp},
     keywords = {Astrophysics - Instrumentation and Methods for Astrophysics, Physics - Computational Physics, Statistics - Computation},
         year = 2013,
        month = mar,
       volume = {125},
       number = {925},
        pages = {306},
          doi = {10.1086/670067},
archivePrefix = {arXiv},
       eprint = {1202.3665},
 primaryClass = {astro-ph.IM},
       adsurl = {https://ui.adsabs.harvard.edu/abs/2013PASP..125..306F},
      adsnote = {Provided by the SAO/NASA Astrophysics Data System}
}
@MISC{Anderson-2022,
       author = {{Anderson}, Jay},
        title = "{One-Pass HST Photometry with hst1pass}",
     keywords = {STScI, Space Telescope Science Institute, HST, Hubble Space Telescope, WFC3, Wide Field Camera 3, WFPC2, ACS HRC, ACS WFC, WFC3 UVIS, WFC3 IR, photometry, astrometry, artificial stars, software},
 howpublished = {Instrument Science Report WFC3 2022-5, 55 pages},
         year = 2022,
        month = jul,
        pages = {5},
       adsurl = {https://ui.adsabs.harvard.edu/abs/2022wfc..rept....5A},
      adsnote = {Provided by the SAO/NASA Astrophysics Data System}
}

@ARTICLE{Anderson-2008,
       author = {{Anderson}, Jay and {Sarajedini}, Ata and {Bedin}, Luigi R. and {King}, Ivan R. and {Piotto}, Giampaolo and {Reid}, I. Neill and {Siegel}, Michael and {Majewski}, Steven R. and {Paust}, Nathaniel E.~Q. and {Aparicio}, Antonio and {Milone}, Antonino P. and {Chaboyer}, Brian and {Rosenberg}, Alfred},
        title = "{The Acs Survey of Globular Clusters. V. Generating a Comprehensive Star Catalog for each Cluster}",
      journal = {\aj},
     keywords = {catalogs, globular clusters: general, techniques: image processing, techniques: photometric, Astrophysics},
         year = 2008,
        month = jun,
       volume = {135},
       number = {6},
        pages = {2055-2073},
          doi = {10.1088/0004-6256/135/6/2055},
archivePrefix = {arXiv},
       eprint = {0804.2025},
 primaryClass = {astro-ph},
       adsurl = {https://ui.adsabs.harvard.edu/abs/2008AJ....135.2055A},
      adsnote = {Provided by the SAO/NASA Astrophysics Data System}
}

@ARTICLE{Bellini-2017,
       author = {{Bellini}, A. and {Anderson}, J. and {Bedin}, L.~R. and {King}, I.~R. and {van der Marel}, R.~P. and {Piotto}, G. and {Cool}, A.},
        title = "{The State-of-the-art HST Astro-photometric Analysis of the Core of {\ensuremath{\omega}} Centauri. I. The Catalog}",
      journal = {\apj},
     keywords = {globular clusters: individual: NGC 5139, Hertzsprung{\textendash}Russell and C{\textendash}M diagrams, proper motions, stars: Population II, techniques: photometric, Astrophysics - Solar and Stellar Astrophysics, Astrophysics - Astrophysics of Galaxies, Astrophysics - Instrumentation and Methods for Astrophysics},
         year = 2017,
        month = jun,
       volume = {842},
       number = {1},
          eid = {6},
        pages = {6},
          doi = {10.3847/1538-4357/aa7059},
archivePrefix = {arXiv},
       eprint = {1704.07425},
 primaryClass = {astro-ph.SR},
       adsurl = {https://ui.adsabs.harvard.edu/abs/2017ApJ...842....6B},
      adsnote = {Provided by the SAO/NASA Astrophysics Data System}
}

@ARTICLE{Bellini-2018,
       author = {{Bellini}, Andrea and {Libralato}, Mattia and {Bedin}, Luigi R. and {Milone}, Antonino P. and {van der Marel}, Roeland P. and {Anderson}, Jay and {Apai}, D{\'a}niel and {Burgasser}, Adam J. and {Marino}, Anna F. and {Rees}, Jon M.},
        title = "{The HST Large Programme on {\ensuremath{\omega}} Centauri. II. Internal Kinematics}",
      journal = {\apj},
     keywords = {Galaxy: kinematics and dynamics, globular clusters: individual: NGC 5139, proper motions, Astrophysics - Astrophysics of Galaxies, Astrophysics - Solar and Stellar Astrophysics},
         year = 2018,
        month = jan,
       volume = {853},
       number = {1},
          eid = {86},
        pages = {86},
          doi = {10.3847/1538-4357/aaa3ec},
archivePrefix = {arXiv},
       eprint = {1801.01504},
 primaryClass = {astro-ph.GA},
       adsurl = {https://ui.adsabs.harvard.edu/abs/2018ApJ...853...86B},
      adsnote = {Provided by the SAO/NASA Astrophysics Data System}
}

@ARTICLE{Mengel-2007,
       author = {{Mengel}, Sabine and {Tacconi-Garman}, Lowell E.},
        title = "{Westerlund 1: bound or unbound?}",
      journal = {\apss},
     keywords = {Open clusters and associations: individual: Westerlund 1, Galaxies: star clusters, Supergiants, Astrophysics},
         year = 2009,
        month = dec,
       volume = {324},
       number = {2-4},
        pages = {321-325},
          doi = {10.1007/s10509-009-0106-7},
archivePrefix = {arXiv},
       eprint = {0803.4471},
 primaryClass = {astro-ph},
       adsurl = {https://ui.adsabs.harvard.edu/abs/2009Ap&SS.324..321M},
      adsnote = {Provided by the SAO/NASA Astrophysics Data System}
}

@ARTICLE{Kouwenhoven-2008,
       author = {{Kouwenhoven}, M.~B.~N. and {de Grijs}, R.},
        title = "{The effect of binaries on the dynamical mass determination of star clusters}",
      journal = {\aap},
     keywords = {galaxies: star clusters, stars: binaries: general, methods: N-body simulations, Astrophysics},
         year = 2008,
        month = mar,
       volume = {480},
       number = {1},
        pages = {103-114},
          doi = {10.1051/0004-6361:20078897},
archivePrefix = {arXiv},
       eprint = {0712.1748},
 primaryClass = {astro-ph},
       adsurl = {https://ui.adsabs.harvard.edu/abs/2008A&A...480..103K},
      adsnote = {Provided by the SAO/NASA Astrophysics Data System}
}

@ARTICLE{Gieles-2010,
       author = {{Gieles}, M. and {Sana}, H. and {Portegies Zwart}, S.~F.},
        title = "{On the velocity dispersion of young star clusters: super-virial or binaries?}",
      journal = {\mnras},
     keywords = {binaries: general, binaries: spectroscopic, supergiants, globular clusters: general, open clusters and associations: general, galaxies: star clusters, Astrophysics - Solar and Stellar Astrophysics, Astrophysics - Cosmology and Nongalactic Astrophysics},
         year = 2010,
        month = mar,
       volume = {402},
       number = {3},
        pages = {1750-1757},
          doi = {10.1111/j.1365-2966.2009.15993.x},
archivePrefix = {arXiv},
       eprint = {0911.1557},
 primaryClass = {astro-ph.SR},
       adsurl = {https://ui.adsabs.harvard.edu/abs/2010MNRAS.402.1750G},
      adsnote = {Provided by the SAO/NASA Astrophysics Data System}
}

@INPROCEEDINGS{Longmore-2014,
       author = {{Longmore}, S.~N. and {Kruijssen}, J.~M.~D. and {Bastian}, N. and {Bally}, J. and {Rathborne}, J. and {Testi}, L. and {Stolte}, A. and {Dale}, J. and {Bressert}, E. and {Alves}, J.},
        title = "{The Formation and Early Evolution of Young Massive Clusters}",
     keywords = {Astrophysics - Astrophysics of Galaxies, Astrophysics - Cosmology and Nongalactic Astrophysics},
    booktitle = {Protostars and Planets VI},
         year = 2014,
       editor = {{Beuther}, Henrik and {Klessen}, Ralf S. and {Dullemond}, Cornelis P. and {Henning}, Thomas},
        month = jan,
        pages = {291-314},
          doi = {10.2458/azu_uapress_9780816531240-ch013},
archivePrefix = {arXiv},
       eprint = {1401.4175},
 primaryClass = {astro-ph.GA},
       adsurl = {https://ui.adsabs.harvard.edu/abs/2014prpl.conf..291L},
      adsnote = {Provided by the SAO/NASA Astrophysics Data System}
}

@ARTICLE{Kruijssen-2012,
       author = {{Kruijssen}, J.~M. Diederik},
        title = "{On the fraction of star formation occurring in bound stellar clusters}",
      journal = {\mnras},
     keywords = {stars: formation, galaxies: ISM, galaxies: starburst, galaxies: star clusters: general, galaxies: stellar content, Astrophysics - Cosmology and Nongalactic Astrophysics, Astrophysics - Astrophysics of Galaxies},
         year = 2012,
        month = nov,
       volume = {426},
       number = {4},
        pages = {3008-3040},
          doi = {10.1111/j.1365-2966.2012.21923.x},
archivePrefix = {arXiv},
       eprint = {1208.2963},
 primaryClass = {astro-ph.CO},
       adsurl = {https://ui.adsabs.harvard.edu/abs/2012MNRAS.426.3008K},
      adsnote = {Provided by the SAO/NASA Astrophysics Data System}
}

@ARTICLE{Wei-2024,
       author = {{Wei}, Lingfeng and {Theissen}, Christopher A. and {Konopacky}, Quinn M. and {Lu}, Jessica R. and {Hsu}, Chih-Chun and {Kim}, Dongwon},
        title = "{The 3D Kinematics of the Orion Nebula Cluster. II. Mass-dependent Kinematics of the Inner Cluster}",
      journal = {\apj},
     keywords = {Star formation, Stellar kinematics, Star forming regions, Star clusters, Radial velocity, Initial mass function, 1569, 1608, 1565, 1567, 1332, 796, Astrophysics - Astrophysics of Galaxies, Astrophysics - Solar and Stellar Astrophysics},
         year = 2024,
        month = feb,
       volume = {962},
       number = {2},
          eid = {174},
        pages = {174},
          doi = {10.3847/1538-4357/ad1401},
archivePrefix = {arXiv},
       eprint = {2312.04751},
 primaryClass = {astro-ph.GA},
       adsurl = {https://ui.adsabs.harvard.edu/abs/2024ApJ...962..174W},
      adsnote = {Provided by the SAO/NASA Astrophysics Data System}
}

@ARTICLE{Krause-2020,
       author = {{Krause}, Martin G.~H. and {Offner}, Stella S.~R. and {Charbonnel}, Corinne and {Gieles}, Mark and {Klessen}, Ralf S. and {V{\'a}zquez-Semadeni}, Enrique and {Ballesteros-Paredes}, Javier and {Girichidis}, Philipp and {Kruijssen}, J.~M. Diederik and {Ward}, Jacob L. and {Zinnecker}, Hans},
        title = "{The Physics of Star Cluster Formation and Evolution}",
      journal = {\ssr},
     keywords = {Galaxies: star clusters: general, ISM: kinematics and dynamics, Open clusters and associations: general, Stars: formation, Astrophysics - Astrophysics of Galaxies, Astrophysics - Solar and Stellar Astrophysics},
         year = 2020,
        month = jun,
       volume = {216},
       number = {4},
          eid = {64},
        pages = {64},
          doi = {10.1007/s11214-020-00689-4},
archivePrefix = {arXiv},
       eprint = {2005.00801},
 primaryClass = {astro-ph.GA},
       adsurl = {https://ui.adsabs.harvard.edu/abs/2020SSRv..216...64K},
      adsnote = {Provided by the SAO/NASA Astrophysics Data System}
}

@ARTICLE{Boily-2003,
       author = {{Boily}, C.~M. and {Kroupa}, P.},
        title = "{The impact of mass loss on star cluster formation - I. Analytical results}",
      journal = {\mnras},
     keywords = {stars: evolution, stars: formation, galaxies: star clusters, Astrophysics},
         year = 2003,
        month = jan,
       volume = {338},
       number = {3},
        pages = {665-672},
          doi = {10.1046/j.1365-8711.2003.06076.x},
archivePrefix = {arXiv},
       eprint = {astro-ph/0210378},
 primaryClass = {astro-ph},
       adsurl = {https://ui.adsabs.harvard.edu/abs/2003MNRAS.338..665B},
      adsnote = {Provided by the SAO/NASA Astrophysics Data System}
}

@ARTICLE{Geyer-2001,
       author = {{Geyer}, M.~P. and {Burkert}, A.},
        title = "{The effect of gas loss on the formation of bound stellar clusters}",
      journal = {\mnras},
     keywords = {STARS: FORMATION, GLOBULAR CLUSTERS: GENERAL, OPEN CLUSTERS AND ASSOCIATIONS: GENERAL, Astrophysics},
         year = 2001,
        month = may,
       volume = {323},
       number = {4},
        pages = {988-994},
          doi = {10.1046/j.1365-8711.2001.04257.x},
archivePrefix = {arXiv},
       eprint = {astro-ph/0007413},
 primaryClass = {astro-ph},
       adsurl = {https://ui.adsabs.harvard.edu/abs/2001MNRAS.323..988G},
      adsnote = {Provided by the SAO/NASA Astrophysics Data System}
}

@ARTICLE{Li-2019,
       author = {{Li}, Hui and {Vogelsberger}, Mark and {Marinacci}, Federico and {Gnedin}, Oleg Y.},
        title = "{Disruption of giant molecular clouds and formation of bound star clusters under the influence of momentum stellar feedback}",
      journal = {\mnras},
     keywords = {methods: numerical, stars: formation, stars: kinematics and dynamics, galaxies: star clusters: general, Astrophysics - Astrophysics of Galaxies},
         year = 2019,
        month = jul,
       volume = {487},
       number = {1},
        pages = {364-380},
          doi = {10.1093/mnras/stz1271},
archivePrefix = {arXiv},
       eprint = {1904.11987},
 primaryClass = {astro-ph.GA},
       adsurl = {https://ui.adsabs.harvard.edu/abs/2019MNRAS.487..364L},
      adsnote = {Provided by the SAO/NASA Astrophysics Data System}
}

@INPROCEEDINGS{Chevance-2023,
       author = {{Chevance}, M. and {Krumholz}, M.~R. and {McLeod}, A.~F. and {Ostriker}, E.~C. and {Rosolowsky}, E.~W. and {Sternberg}, A.},
        title = "{The Life and Times of Giant Molecular Clouds}",
     keywords = {Astrophysics - Astrophysics of Galaxies},
    booktitle = {Protostars and Planets VII},
         year = 2023,
       editor = {{Inutsuka}, S. and {Aikawa}, Y. and {Muto}, T. and {Tomida}, K. and {Tamura}, M.},
       series = {Astronomical Society of the Pacific Conference Series},
       volume = {534},
        month = jul,
        pages = {1},
          doi = {10.48550/arXiv.2203.09570},
archivePrefix = {arXiv},
       eprint = {2203.09570},
 primaryClass = {astro-ph.GA},
       adsurl = {https://ui.adsabs.harvard.edu/abs/2023ASPC..534....1C},
      adsnote = {Provided by the SAO/NASA Astrophysics Data System}
}

@ARTICLE{Astropy-2018,
       author = {{Astropy Collaboration} and {Price-Whelan}, A.~M. and {Sip{\H{o}}cz}, B.~M. and {G{\"u}nther}, H.~M. and {Lim}, P.~L. and {Crawford}, S.~M. and {Conseil}, S. and {Shupe}, D.~L. and {Craig}, M.~W. and {Dencheva}, N. and {Ginsburg}, A. and {VanderPlas}, J.~T. and {Bradley}, L.~D. and {P{\'e}rez-Su{\'a}rez}, D. and {de Val-Borro}, M. and {Aldcroft}, T.~L. and {Cruz}, K.~L. and {Robitaille}, T.~P. and {Tollerud}, E.~J. and {Ardelean}, C. and {Babej}, T. and {Bach}, Y.~P. and {Bachetti}, M. and {Bakanov}, A.~V. and {Bamford}, S.~P. and {Barentsen}, G. and {Barmby}, P. and {Baumbach}, A. and {Berry}, K.~L. and {Biscani}, F. and {Boquien}, M. and {Bostroem}, K.~A. and {Bouma}, L.~G. and {Brammer}, G.~B. and {Bray}, E.~M. and {Breytenbach}, H. and {Buddelmeijer}, H. and {Burke}, D.~J. and {Calderone}, G. and {Cano Rodr{\'\i}guez}, J.~L. and {Cara}, M. and {Cardoso}, J.~V.~M. and {Cheedella}, S. and {Copin}, Y. and {Corrales}, L. and {Crichton}, D. and {D'Avella}, D. and {Deil}, C. and {Depagne}, {\'E}. and {Dietrich}, J.~P. and {Donath}, A. and {Droettboom}, M. and {Earl}, N. and {Erben}, T. and {Fabbro}, S. and {Ferreira}, L.~A. and {Finethy}, T. and {Fox}, R.~T. and {Garrison}, L.~H. and {Gibbons}, S.~L.~J. and {Goldstein}, D.~A. and {Gommers}, R. and {Greco}, J.~P. and {Greenfield}, P. and {Groener}, A.~M. and {Grollier}, F. and {Hagen}, A. and {Hirst}, P. and {Homeier}, D. and {Horton}, A.~J. and {Hosseinzadeh}, G. and {Hu}, L. and {Hunkeler}, J.~S. and {Ivezi{\'c}}, {\v{Z}}. and {Jain}, A. and {Jenness}, T. and {Kanarek}, G. and {Kendrew}, S. and {Kern}, N.~S. and {Kerzendorf}, W.~E. and {Khvalko}, A. and {King}, J. and {Kirkby}, D. and {Kulkarni}, A.~M. and {Kumar}, A. and {Lee}, A. and {Lenz}, D. and {Littlefair}, S.~P. and {Ma}, Z. and {Macleod}, D.~M. and {Mastropietro}, M. and {McCully}, C. and {Montagnac}, S. and {Morris}, B.~M. and {Mueller}, M. and {Mumford}, S.~J. and {Muna}, D. and {Murphy}, N.~A. and {Nelson}, S. and {Nguyen}, G.~H. and {Ninan}, J.~P. and {N{\"o}the}, M. and {Ogaz}, S. and {Oh}, S. and {Parejko}, J.~K. and {Parley}, N. and {Pascual}, S. and {Patil}, R. and {Patil}, A.~A. and {Plunkett}, A.~L. and {Prochaska}, J.~X. and {Rastogi}, T. and {Reddy Janga}, V. and {Sabater}, J. and {Sakurikar}, P. and {Seifert}, M. and {Sherbert}, L.~E. and {Sherwood-Taylor}, H. and {Shih}, A.~Y. and {Sick}, J. and {Silbiger}, M.~T. and {Singanamalla}, S. and {Singer}, L.~P. and {Sladen}, P.~H. and {Sooley}, K.~A. and {Sornarajah}, S. and {Streicher}, O. and {Teuben}, P. and {Thomas}, S.~W. and {Tremblay}, G.~R. and {Turner}, J.~E.~H. and {Terr{\'o}n}, V. and {van Kerkwijk}, M.~H. and {de la Vega}, A. and {Watkins}, L.~L. and {Weaver}, B.~A. and {Whitmore}, J.~B. and {Woillez}, J. and {Zabalza}, V. and {Astropy Contributors}},
        title = "{The Astropy Project: Building an Open-science Project and Status of the v2.0 Core Package}",
      journal = {\aj},
     keywords = {methods: data analysis, methods: miscellaneous, methods: statistical, reference systems, Astrophysics - Instrumentation and Methods for Astrophysics},
         year = 2018,
        month = sep,
       volume = {156},
       number = {3},
          eid = {123},
        pages = {123},
          doi = {10.3847/1538-3881/aabc4f},
archivePrefix = {arXiv},
       eprint = {1801.02634},
 primaryClass = {astro-ph.IM},
       adsurl = {https://ui.adsabs.harvard.edu/abs/2018AJ....156..123A},
      adsnote = {Provided by the SAO/NASA Astrophysics Data System}
}

@ARTICLE{Astropy-2022,
       author = {{Astropy Collaboration} and {Price-Whelan}, Adrian M. and {Lim}, Pey Lian and {Earl}, Nicholas and {Starkman}, Nathaniel and {Bradley}, Larry and {Shupe}, David L. and {Patil}, Aarya A. and {Corrales}, Lia and {Brasseur}, C.~E. and {N{\"o}the}, Maximilian and {Donath}, Axel and {Tollerud}, Erik and {Morris}, Brett M. and {Ginsburg}, Adam and {Vaher}, Eero and {Weaver}, Benjamin A. and {Tocknell}, James and {Jamieson}, William and {van Kerkwijk}, Marten H. and {Robitaille}, Thomas P. and {Merry}, Bruce and {Bachetti}, Matteo and {G{\"u}nther}, H. Moritz and {Aldcroft}, Thomas L. and {Alvarado-Montes}, Jaime A. and {Archibald}, Anne M. and {B{\'o}di}, Attila and {Bapat}, Shreyas and {Barentsen}, Geert and {Baz{\'a}n}, Juanjo and {Biswas}, Manish and {Boquien}, M{\'e}d{\'e}ric and {Burke}, D.~J. and {Cara}, Daria and {Cara}, Mihai and {Conroy}, Kyle E. and {Conseil}, Simon and {Craig}, Matthew W. and {Cross}, Robert M. and {Cruz}, Kelle L. and {D'Eugenio}, Francesco and {Dencheva}, Nadia and {Devillepoix}, Hadrien A.~R. and {Dietrich}, J{\"o}rg P. and {Eigenbrot}, Arthur Davis and {Erben}, Thomas and {Ferreira}, Leonardo and {Foreman-Mackey}, Daniel and {Fox}, Ryan and {Freij}, Nabil and {Garg}, Suyog and {Geda}, Robel and {Glattly}, Lauren and {Gondhalekar}, Yash and {Gordon}, Karl D. and {Grant}, David and {Greenfield}, Perry and {Groener}, Austen M. and {Guest}, Steve and {Gurovich}, Sebastian and {Handberg}, Rasmus and {Hart}, Akeem and {Hatfield-Dodds}, Zac and {Homeier}, Derek and {Hosseinzadeh}, Griffin and {Jenness}, Tim and {Jones}, Craig K. and {Joseph}, Prajwel and {Kalmbach}, J. Bryce and {Karamehmetoglu}, Emir and {Ka{\l}uszy{\'n}ski}, Miko{\l}aj and {Kelley}, Michael S.~P. and {Kern}, Nicholas and {Kerzendorf}, Wolfgang E. and {Koch}, Eric W. and {Kulumani}, Shankar and {Lee}, Antony and {Ly}, Chun and {Ma}, Zhiyuan and {MacBride}, Conor and {Maljaars}, Jakob M. and {Muna}, Demitri and {Murphy}, N.~A. and {Norman}, Henrik and {O'Steen}, Richard and {Oman}, Kyle A. and {Pacifici}, Camilla and {Pascual}, Sergio and {Pascual-Granado}, J. and {Patil}, Rohit R. and {Perren}, Gabriel I. and {Pickering}, Timothy E. and {Rastogi}, Tanuj and {Roulston}, Benjamin R. and {Ryan}, Daniel F. and {Rykoff}, Eli S. and {Sabater}, Jose and {Sakurikar}, Parikshit and {Salgado}, Jes{\'u}s and {Sanghi}, Aniket and {Saunders}, Nicholas and {Savchenko}, Volodymyr and {Schwardt}, Ludwig and {Seifert-Eckert}, Michael and {Shih}, Albert Y. and {Jain}, Anany Shrey and {Shukla}, Gyanendra and {Sick}, Jonathan and {Simpson}, Chris and {Singanamalla}, Sudheesh and {Singer}, Leo P. and {Singhal}, Jaladh and {Sinha}, Manodeep and {Sip{\H{o}}cz}, Brigitta M. and {Spitler}, Lee R. and {Stansby}, David and {Streicher}, Ole and {{\v{S}}umak}, Jani and {Swinbank}, John D. and {Taranu}, Dan S. and {Tewary}, Nikita and {Tremblay}, Grant R. and {de Val-Borro}, Miguel and {Van Kooten}, Samuel J. and {Vasovi{\'c}}, Zlatan and {Verma}, Shresth and {de Miranda Cardoso}, Jos{\'e} Vin{\'\i}cius and {Williams}, Peter K.~G. and {Wilson}, Tom J. and {Winkel}, Benjamin and {Wood-Vasey}, W.~M. and {Xue}, Rui and {Yoachim}, Peter and {Zhang}, Chen and {Zonca}, Andrea and {Astropy Project Contributors}},
        title = "{The Astropy Project: Sustaining and Growing a Community-oriented Open-source Project and the Latest Major Release (v5.0) of the Core Package}",
      journal = {\apj},
     keywords = {Astronomy software, Open source software, Astronomy data analysis, 1855, 1866, 1858, Astrophysics - Instrumentation and Methods for Astrophysics},
         year = 2022,
        month = aug,
       volume = {935},
       number = {2},
          eid = {167},
        pages = {167},
          doi = {10.3847/1538-4357/ac7c74},
archivePrefix = {arXiv},
       eprint = {2206.14220},
 primaryClass = {astro-ph.IM},
       adsurl = {https://ui.adsabs.harvard.edu/abs/2022ApJ...935..167A},
      adsnote = {Provided by the SAO/NASA Astrophysics Data System}
}

@misc{PyMultiNest,
       author = {{Buchner}, Johannes},
        title = "{PyMultiNest: Python interface for MultiNest}",
 howpublished = {Astrophysics Source Code Library, record ascl:1606.005},
         year = 2016,
        month = jun,
          eid = {ascl:1606.005},
       adsurl = {https://ui.adsabs.harvard.edu/abs/2016ascl.soft06005B},
      adsnote = {Provided by the SAO/NASA Astrophysics Data System}
}

@ARTICLE{Matplotlib,
       author = {{Hunter}, John D.},
        title = "{Matplotlib: A 2D Graphics Environment}",
      journal = {Computing in Science and Engineering},
     keywords = {Python, Scripting languages, Application development, Scientific programming},
         year = 2007,
        month = may,
       volume = {9},
       number = {3},
        pages = {90-95},
          doi = {10.1109/MCSE.2007.55},
       adsurl = {https://ui.adsabs.harvard.edu/abs/2007CSE.....9...90H},
      adsnote = {Provided by the SAO/NASA Astrophysics Data System}
}

@BOOK{Binney-2008,
       author = {{Binney}, James and {Tremaine}, Scott},
        title = "{Galactic Dynamics: Second Edition}",
         year = 2008,
       adsurl = {https://ui.adsabs.harvard.edu/abs/2008gady.book.....B},
      adsnote = {Provided by the SAO/NASA Astrophysics Data System}
}

@MISC{prop10172D,
       author = {{de Grijs}, Richard},
        title = "{Our Galaxy's most promising Super Star Cluster candidate, Westerlund 1: Tip of the Iceberg?}",
 howpublished = {HST Proposal ID 10172. Cycle 13},
         year = 2004,
        month = jul,
        pages = {10172},
       adsurl = {https://ui.adsabs.harvard.edu/abs/2004hst..prop10172D},
      adsnote = {Provided by the SAO/NASA Astrophysics Data System}
}

@MISC{prop11708A,
       author = {{Andersen}, Morten},
        title = "{Determining the Sub-stellar IMF in the Most Massive Young Milky Way Cluster, Westerlund 1}",
 howpublished = {HST Proposal ID 11708. Cycle 17},
         year = 2009,
        month = jul,
        pages = {11708},
       adsurl = {https://ui.adsabs.harvard.edu/abs/2009hst..prop11708A},
      adsnote = {Provided by the SAO/NASA Astrophysics Data System}
}

@MISC{prop13044L,
       author = {{Lu}, Jessica Ryan and {Anderson}, Jay and {Clarkson}, Will I. and {Ghez}, Andrea M. and {McCrady}, Nate and {Morris}, Mark R.},
        title = "{The IMF and Internal Kinematics of the Massive Young Star Cluster, Westerlund 1}",
 howpublished = {HST Proposal. Cycle 20, ID. \#13044},
         year = 2016,
        month = oct,
        pages = {13044},
       adsurl = {https://ui.adsabs.harvard.edu/abs/2016hst..prop13044L},
      adsnote = {Provided by the SAO/NASA Astrophysics Data System}
}

@MISC{prop13809L,
       author = {{Lu}, Jessica Ryan and {Anderson}, Jay and {Clarkson}, Will I. and {Ghez}, Andrea M. and {McCrady}, Nate and {Morris}, Mark R.},
        title = "{The IMF and Internal Kinematics of the Massive Young Star Cluster, Westerlund 1}",
 howpublished = {HST Proposal. Cycle 22, ID. \#13809},
         year = 2016,
        month = oct,
        pages = {13809},
       adsurl = {https://ui.adsabs.harvard.edu/abs/2016hst..prop13809L},
      adsnote = {Provided by the SAO/NASA Astrophysics Data System}
}

@ARTICLE{Bonnell-2008,
       author = {{Bonnell}, Ian A. and {Clark}, Paul and {Bate}, Matthew R.},
        title = "{Gravitational fragmentation and the formation of brown dwarfs in stellar clusters}",
      journal = {\mnras},
     keywords = {stars: formation, stars: low-mass, brown dwarfs, stars: luminosity function, mass function, ISM: clouds, globular clusters: general, Astrophysics},
         year = 2008,
        month = oct,
       volume = {389},
       number = {4},
        pages = {1556-1562},
          doi = {10.1111/j.1365-2966.2008.13679.x},
archivePrefix = {arXiv},
       eprint = {0807.0460},
 primaryClass = {astro-ph},
       adsurl = {https://ui.adsabs.harvard.edu/abs/2008MNRAS.389.1556B},
      adsnote = {Provided by the SAO/NASA Astrophysics Data System}
}

@ARTICLE{spisea,
       author = {{Hosek}, Jr., Matthew W. and {Lu}, Jessica R. and {Lam}, Casey Y. and {Gautam}, Abhimat K. and {Lockhart}, Kelly E. and {Kim}, Dongwon and {Jia}, Siyao},
        title = "{SPISEA: A Python-based Simple Stellar Population Synthesis Code for Star Clusters}",
      journal = {\aj},
     keywords = {Astronomy software, Open source software, Star clusters, Stellar populations, 1855, 1866, 1567, 1622, Astrophysics - Solar and Stellar Astrophysics, Astrophysics - Astrophysics of Galaxies},
         year = 2020,
        month = sep,
       volume = {160},
       number = {3},
          eid = {143},
        pages = {143},
          doi = {10.3847/1538-3881/aba533},
archivePrefix = {arXiv},
       eprint = {2006.06691},
 primaryClass = {astro-ph.SR},
       adsurl = {https://ui.adsabs.harvard.edu/abs/2020AJ....160..143H},
      adsnote = {Provided by the SAO/NASA Astrophysics Data System}
}

@ARTICLE{Baraffe-2015,
       author = {{Baraffe}, Isabelle and {Homeier}, Derek and {Allard}, France and {Chabrier}, Gilles},
        title = "{New evolutionary models for pre-main sequence and main sequence low-mass stars down to the hydrogen-burning limit}",
      journal = {\aap},
     keywords = {stars: evolution, stars: low-mass, stars: pre-main sequence, Hertzsprung-Russell and C-M diagrams, convection, Astrophysics - Solar and Stellar Astrophysics},
         year = 2015,
        month = may,
       volume = {577},
          eid = {A42},
        pages = {A42},
          doi = {10.1051/0004-6361/201425481},
archivePrefix = {arXiv},
       eprint = {1503.04107},
 primaryClass = {astro-ph.SR},
       adsurl = {https://ui.adsabs.harvard.edu/abs/2015A&A...577A..42B},
      adsnote = {Provided by the SAO/NASA Astrophysics Data System}
}

@ARTICLE{Tognelli-2011,
       author = {{Tognelli}, E. and {Prada Moroni}, P.~G. and {Degl'Innocenti}, S.},
        title = "{The Pisa pre-main sequence tracks and isochrones. A database covering a wide range of Z, Y, mass, and age values}",
      journal = {\aap},
     keywords = {stars: pre-main sequence, stars: evolution, stars: formation, stars: interiors, stars: low-mass, Hertzsprung-Russel and C-M diagrams, Astrophysics - Solar and Stellar Astrophysics},
         year = 2011,
        month = sep,
       volume = {533},
          eid = {A109},
        pages = {A109},
          doi = {10.1051/0004-6361/200913913},
archivePrefix = {arXiv},
       eprint = {1107.2318},
 primaryClass = {astro-ph.SR},
       adsurl = {https://ui.adsabs.harvard.edu/abs/2011A&A...533A.109T},
      adsnote = {Provided by the SAO/NASA Astrophysics Data System}
}

@ARTICLE{Ekstrom-2012,
       author = {{Ekstr{\"o}m}, S. and {Georgy}, C. and {Eggenberger}, P. and {Meynet}, G. and {Mowlavi}, N. and {Wyttenbach}, A. and {Granada}, A. and {Decressin}, T. and {Hirschi}, R. and {Frischknecht}, U. and {Charbonnel}, C. and {Maeder}, A.},
        title = "{Grids of stellar models with rotation. I. Models from 0.8 to 120 M$_{{\ensuremath{\odot}}}$ at solar metallicity (Z = 0.014)}",
      journal = {\aap},
     keywords = {stars: general, stars: evolution, stars: massive, stars: low-mass, stars: rotation, Astrophysics - Solar and Stellar Astrophysics},
         year = 2012,
        month = jan,
       volume = {537},
          eid = {A146},
        pages = {A146},
          doi = {10.1051/0004-6361/201117751},
archivePrefix = {arXiv},
       eprint = {1110.5049},
 primaryClass = {astro-ph.SR},
       adsurl = {https://ui.adsabs.harvard.edu/abs/2012A&A...537A.146E},
      adsnote = {Provided by the SAO/NASA Astrophysics Data System}
}

@misc{pysynphot,
       author = {{STScI Development Team}},
        title = "{pysynphot: Synthetic photometry software package}",
 howpublished = {Astrophysics Source Code Library, record ascl:1303.023},
         year = 2013,
        month = mar,
          eid = {ascl:1303.023},
       adsurl = {https://ui.adsabs.harvard.edu/abs/2013ascl.soft03023S},
      adsnote = {Provided by the SAO/NASA Astrophysics Data System}
}

@ARTICLE{Negueruela-2022,
       author = {{Negueruela}, I. and {Alfaro}, E.~J. and {Dorda}, R. and {Marco}, A. and {Ma{\'\i}z Apell{\'a}niz}, J. and {Gonz{\'a}lez-Fern{\'a}ndez}, C.},
        title = "{Westerlund 1 under the light of Gaia EDR3: Distance, isolation, extent, and a hidden population}",
      journal = {\aap},
     keywords = {open clusters and associations: individual: Westerlund 1, stars: evolution, stars: early-type, supergiants, stars: fundamental parameters, Astrophysics - Solar and Stellar Astrophysics, Astrophysics - Astrophysics of Galaxies},
         year = 2022,
        month = aug,
       volume = {664},
          eid = {A146},
        pages = {A146},
          doi = {10.1051/0004-6361/202142985},
archivePrefix = {arXiv},
       eprint = {2204.00422},
 primaryClass = {astro-ph.SR},
       adsurl = {https://ui.adsabs.harvard.edu/abs/2022A&A...664A.146N},
      adsnote = {Provided by the SAO/NASA Astrophysics Data System}
}

@ARTICLE{Hosek-2018,
       author = {{Hosek}, Jr., Matthew W. and {Lu}, Jessica R. and {Anderson}, Jay and {Do}, Tuan and {Schlafly}, Edward F. and {Ghez}, Andrea M. and {Clarkson}, William I. and {Morris}, Mark R. and {Albers}, Saundra M.},
        title = "{The Optical/Near-infrared Extinction Law in Highly Reddened Regions}",
      journal = {\apj},
     keywords = {dust, extinction, Galaxy: center, open clusters and associations: individual: Westerlund 1, stars: horizontal-branch, Astrophysics - Astrophysics of Galaxies, Astrophysics - Solar and Stellar Astrophysics},
         year = 2018,
        month = mar,
       volume = {855},
       number = {1},
          eid = {13},
        pages = {13},
          doi = {10.3847/1538-4357/aaabbb},
archivePrefix = {arXiv},
       eprint = {1801.08574},
 primaryClass = {astro-ph.GA},
       adsurl = {https://ui.adsabs.harvard.edu/abs/2018ApJ...855...13H},
      adsnote = {Provided by the SAO/NASA Astrophysics Data System}
}

